@misc{snyk_main,
  author = {Snyk},
  title  = {Snyk main page},
  url    = {https://snyk.io}
}
@misc{trivy_main,
  author = {Aqua Security},
  title  = {Trivy GitHub page},
  url    = {https://github.com/aquasecurity/trivy}
}
@misc{snyk_docs,
  author = {Snyk},
  title  = {Snyk docs},
  url    = {https://snyk.io/docs/}
}
@misc{trivy_docs,
  author = {Aqua Security},
  title  = {Trivy docs},
  url    = {https://github.com/aquasecurity/trivy}
}
@misc{sysdig_report,
  author = {Sysdig},
  title  = {Sysdig 2023 Cloud-Native Security and Usage Report
            },
  url    = {https://sysdig.com/blog/2023-cloud-native-security-usage-report/}
}
